@inproceedings{ACJKLW07,
  author    = {David Applegate and
               Gruia C{\u{a}}linescu and
               David S. Johnson and
               Howard J. Karloff and
               Katrina Ligett and
               Jia Wang},
  title     = {Compressing rectilinear pictures and minimizing access control lists},
  booktitle = {Proceedings of the Eighteenth Annual {ACM-SIAM} Symposium on Discrete
               Algorithms, {SODA} 2007, New Orleans, Louisiana, USA, January 7-9,
               2007},
  pages     = {1066--1075},
  year      = {2007},
  crossref  = {DBLP:conf/soda/2007},
  url       = {http://dl.acm.org/citation.cfm?id=1283383.1283498},
  timestamp = {Fri, 07 Dec 2012 17:02:08 +0100},
  biburl    = {http://dblp.uni-trier.de/rec/bib/conf/soda/ApplegateCJKLW07},
  bibsource = {dblp computer science bibliography, http://dblp.org}
}

@proceedings{DBLP:conf/soda/2007,
  editor    = {Nikhil Bansal and
               Kirk Pruhs and
               Clifford Stein},
  title     = {Proceedings of the Eighteenth Annual {ACM-SIAM} Symposium on Discrete
               Algorithms, {SODA} 2007, New Orleans, Louisiana, USA, January 7-9,
               2007},
  publisher = {{SIAM}},
  year      = {2007},
  url       = {http://dl.acm.org/citation.cfm?id=1283383},
  isbn      = {978-0-898716-24-5},
  timestamp = {Fri, 07 Dec 2012 17:02:08 +0100},
  biburl    = {http://dblp.uni-trier.de/rec/bib/conf/soda/2007},
  bibsource = {dblp computer science bibliography, http://dblp.org}
}

@inproceedings{KRRW12,
 author = {Kang, Nanxi and Reich, Joshua and Rexford, Jennifer and Walker, David},
 title = {Policy Transformation in Software Defined Networks},
 booktitle = {Proceedings of the ACM SIGCOMM 2012 Conference on Applications, Technologies, Architectures, and Protocols for Computer Communication},
 series = {SIGCOMM '12},
 year = {2012},
 isbn = {978-1-4503-1419-0},
 location = {Helsinki, Finland},
 pages = {309--310},
 numpages = {2},
 url = {http://doi.acm.org/10.1145/2342356.2342424},
 doi = {10.1145/2342356.2342424},
 acmid = {2342424},
 publisher = {ACM},
 address = {New York, NY, USA},
 keywords = {network virtualization, openflow, software defined networks},
	note_loc = {p309-kang.pdf},
} 

@article{LMT10,
 author = {Liu, Alex X. and Meiners, Chad R. and Torng, Eric},
 title = {TCAM Razor: A Systematic Approach Towards Minimizing Packet Classifiers in TCAMs},
 journal = {IEEE/ACM Trans. Netw.},
 issue_date = {April 2010},
 volume = {18},
 number = {2},
 month = apr,
 year = {2010},
 issn = {1063-6692},
 pages = {490--500},
 numpages = {11},
 url = {http://dx.doi.org/10.1109/TNET.2009.2030188},
 doi = {10.1109/TNET.2009.2030188},
 acmid = {1816274},
 publisher = {IEEE Press},
 address = {Piscataway, NJ, USA},
 keywords = {algorithm, packet classification, router design, ternary content addressable memory (TCAM) optimization},
 note_loc={p490-liu.pdf},
}


@article{GL07,
 author = {Gouda, Mohamed G. and Liu, Alex X.},
 title = {Structured Firewall Design},
 journal = {Comput. Netw.},
 issue_date = {March, 2007},
 volume = {51},
 number = {4},
 month = mar,
 year = {2007},
 issn = {1389-1286},
 pages = {1106--1120},
 numpages = {15},
 url = {http://dx.doi.org/10.1016/j.comnet.2006.06.015},
 doi = {10.1016/j.comnet.2006.06.015},
 acmid = {1223798},
 publisher = {Elsevier North-Holland, Inc.},
 address = {New York, NY, USA},
 keywords = {Firewall, Firewall design, Firewall policy, Network security},
}


@inproceedings{KRRW12b,
 author = {Kang, Nanxi and Reich, Joshua and Rexford, Jennifer and Walker, David},
 title = {Policy Transformation in Software Defined Networks},
 booktitle = {Proceedings of the ACM SIGCOMM 2012 Conference on Applications, Technologies, Architectures, and Protocols for Computer Communication},
 series = {SIGCOMM '12},
 year = {2012},
 isbn = {978-1-4503-1419-0},
 location = {Helsinki, Finland},
 pages = {309--310},
 numpages = {2},
 url = {http://doi.acm.org/10.1145/2342356.2342424},
 doi = {10.1145/2342356.2342424},
 acmid = {2342424},
 publisher = {ACM},
 address = {New York, NY, USA},
 keywords = {network virtualization, openflow, software defined networks},
}



@inproceedings{KLRW13,
 author = {Kang, Nanxi and Liu, Zhenming and Rexford, Jennifer and Walker, David},
 title = {Optimizing the "One Big Switch" Abstraction in Software-defined Networks},
 booktitle = {Proceedings of the Ninth ACM Conference on Emerging Networking Experiments and Technologies},
 series = {CoNEXT '13},
 year = {2013},
 isbn = {978-1-4503-2101-3},
 location = {Santa Barbara, California, USA},
 pages = {13--24},
 numpages = {12},
 url = {http://doi.acm.org/10.1145/2535372.2535373},
 doi = {10.1145/2535372.2535373},
 acmid = {2535373},
 publisher = {ACM},
 address = {New York, NY, USA},
 keywords = {network virtualization, software-defined networks},
 note_loc={p13-kang.pdf},
}


@inproceedings{KRRR15,
 author = {Kang, Nanxi and Rottenstreich, Ori and Rao, Sanjay and Rexford, Jennifer},
 title = {Alpaca: Compact Network Policies with Attribute-carrying Addresses},
 booktitle = {Proceedings of the 11th ACM Conference on Emerging Networking Experiments and Technologies},
 series = {CoNEXT '15},
 year = {2015},
 isbn = {978-1-4503-3412-9},
 location = {Heidelberg, Germany},
 pages = {7:1--7:13},
 articleno = {7},
 numpages = {13},
 url = {http://doi.acm.org/10.1145/2716281.2836092},
 doi = {10.1145/2716281.2836092},
 acmid = {2836092},
 publisher = {ACM},
 address = {New York, NY, USA},
 note_loc={a7-kang.pdf},
}


@article{PL14,
 author = {Pao, Derek and Lu, Ziyan},
 title = {A Multi-pipeline Architecture for High-speed Packet Classification},
 journal = {Comput. Commun.},
 issue_date = {December 2014},
 volume = {54},
 number = {C},
 month = dec,
 year = {2014},
 issn = {0140-3664},
 pages = {84--96},
 numpages = {13},
 url = {http://dx.doi.org/10.1016/j.comcom.2014.08.004},
 doi = {10.1016/j.comcom.2014.08.004},
 acmid = {2948605},
 publisher = {Elsevier Science Publishers B. V.},
 address = {Amsterdam, The Netherlands, The Netherlands},
 keywords = {Packet classification, Pipelined processing, Prefix inclusion coding},
 note_loc={pl14.pdf},
}



@inproceedings{CDG16,
 author = {Comerford, Paul and Davies, John N. and Grout, Vic},
 title = {Reducing Packet Delay Through Filter Merging},
 booktitle = {Proceedings of the 9th International Conference on Utility and Cloud Computing},
 series = {UCC '16},
 year = {2016},
 isbn = {978-1-4503-4616-0},
 location = {Shanghai, China},
 pages = {358--363},
 numpages = {6},
 url = {http://doi.acm.org/10.1145/2996890.3007854},
 doi = {10.1145/2996890.3007854},
 acmid = {3007854},
 publisher = {ACM},
 address = {New York, NY, USA},
 keywords = {ACLs, network performance, network security, packet filter},
 note_loc={p358-comerford.pdf},
}



@inproceedings{ZNHBM14,
 author = {Zhang, Ying and Natarajan, Sriram and Huang, Xin and Beheshti, Neda and Manghirmalani, Ravi},
 title = {A Compressive Method for Maintaining Forwarding States in SDN Controller},
 booktitle = {Proceedings of the Third Workshop on Hot Topics in Software Defined Networking},
 series = {HotSDN '14},
 year = {2014},
 isbn = {978-1-4503-2989-7},
 location = {Chicago, Illinois, USA},
 pages = {139--144},
 numpages = {6},
 url = {http://doi.acm.org/10.1145/2620728.2620759},
 doi = {10.1145/2620728.2620759},
 acmid = {2620759},
 publisher = {ACM},
 address = {New York, NY, USA},
 keywords = {routing table compression, software-defined networking},
 note_loc={p139-zhang.pdf},
}


@inproceedings{SK10,
 author = {Sun, Yan and Kim, Min Sik},
 title = {Bidirectional Range Extension for TCAM-based Packet Classification},
 booktitle = {Proceedings of the 9th IFIP TC 6 International Conference on Networking},
 series = {NETWORKING'10},
 year = {2010},
 isbn = {3-642-12962-5, 978-3-642-12962-9},
 location = {Chennai, India},
 pages = {351--361},
 numpages = {11},
 url = {http://dx.doi.org/10.1007/978-3-642-12963-6_28},
 doi = {10.1007/978-3-642-12963-6_28},
 acmid = {2166874},
 publisher = {Springer-Verlag},
 address = {Berlin, Heidelberg},
 keywords = {TCAM, bidirectional range extension, packet classification},
 note_loc={Sun-Kim2010_Chapter_BidirectionalRangeExtensionFor.pdf},
}


@inproceedings{SK10b,
 author = {Sun, Yan and Kim, Min Sik},
 title = {Tree-based Minimization of TCAM Entries for Packet Classification},
 booktitle = {Proceedings of the 7th IEEE Conference on Consumer Communications and Networking Conference},
 series = {CCNC'10},
 year = {2010},
 isbn = {978-1-4244-5175-3},
 location = {Las Vegas, Nevada, USA},
 pages = {827--831},
 numpages = {5},
 url = {http://dl.acm.org/citation.cfm?id=1834217.1834401},
 acmid = {1834401},
 publisher = {IEEE Press},
 address = {Piscataway, NJ, USA},
 note_loc={05421589.pdf},
}



@inproceedings{KNCER13,
 author = {Kogan, Kirill and Nikolenko, Sergey and Culhane, William and Eugster, Patrick and Ruan, Eddie},
 title = {Towards Efficient Implementation of Packet Classifiers in SDN/OpenFlow},
 booktitle = {Proceedings of the Second ACM SIGCOMM Workshop on Hot Topics in Software Defined Networking},
 series = {HotSDN '13},
 year = {2013},
 isbn = {978-1-4503-2178-5},
 location = {Hong Kong, China},
 pages = {153--154},
 numpages = {2},
 url = {http://doi.acm.org/10.1145/2491185.2491219},
 doi = {10.1145/2491185.2491219},
 acmid = {2491219},
 publisher = {ACM},
 address = {New York, NY, USA},
 keywords = {tcam},
 note_loc={p153-kogan.pdf},
}


@article{DLT16,
 author = {Daly, James and Liu, Alex X. and Torng, Eric},
 title = {A Difference Resolution Approach to Compressing Access Control Lists},
 journal = {IEEE/ACM Trans. Netw.},
 issue_date = {February 2016},
 volume = {24},
 number = {1},
 month = feb,
 year = {2016},
 issn = {1063-6692},
 pages = {610--623},
 numpages = {14},
 url = {http://dx.doi.org/10.1109/TNET.2015.2397393},
 doi = {10.1109/TNET.2015.2397393},
 acmid = {2942523},
 publisher = {IEEE Press},
 address = {Piscataway, NJ, USA},
 keywords = {packet classification, router design, ternary content addressable memory (TCAM)},
 note_loc={p610-daly.pdf},
}

@inproceedings{NLT13,
 author = {Norige, Eric and Liu, Alex X. and Torng, Eric},
 title = {A Ternary Unification Framework for Optimizing TCAM-based Packet Classification Systems},
 booktitle = {Proceedings of the Ninth ACM/IEEE Symposium on Architectures for Networking and Communications Systems},
 series = {ANCS '13},
 year = {2013},
 isbn = {978-1-4799-1640-5},
 location = {San Jose, California, USA},
 pages = {95--104},
 numpages = {10},
 url = {http://dl.acm.org/citation.cfm?id=2537857.2537869},
 acmid = {2537869},
 publisher = {IEEE Press},
 address = {Piscataway, NJ, USA},
 keywords = {packet classification, tcam},
 note_loc={p95-norige.pdf},
}



@article{NLT18,
 author = {Norige, Eric and Liu, Alex X. and Torng, Eric and Torng, Eric and Norige, Eric and Liu, Alex X.},
 title = {A Ternary Unification Framework for Optimizing TCAM-Based Packet Classification Systems},
 journal = {IEEE/ACM Trans. Netw.},
 issue_date = {April 2018},
 volume = {26},
 number = {2},
 month = apr,
 year = {2018},
 issn = {1063-6692},
 pages = {657--670},
 numpages = {14},
 url = {https://doi.org/10.1109/TNET.2018.2809583},
 doi = {10.1109/TNET.2018.2809583},
 acmid = {3209786},
 publisher = {IEEE Press},
 address = {Piscataway, NJ, USA},
 note_loc={08310965.pdf},
}

@book{KOS2000,
        author = {Mark de Berg and Marc van Kreveld and Mark Overmars and Otfried Schwarzkopf},
        title = {Computational Geometry (second edition)},
        year = 2000,
        publisher = {Springer-Verlag}
}


